@misc{segsocialSeguridadSocial,
	author = {},
	title = {Seguridad Social: Cotización / Recaudación de Trabajadores},
	howpublished = {\url{https://www.seg-social.es/wps/portal/wss/internet/Trabajadores/CotizacionRecaudacionTrabajadores/10721/10957/583}}
	
}


@misc{MIT,
	author = {},
	title = {{L}icencia {M}{I}{T} - {W}ikipedia, la enciclopedia libre --- es.wikipedia.org},
	howpublished = {\url{https://es.wikipedia.org/w/index.php?title=Licencia_MIT&oldid=151165122}},
	year = {},
	note = {[Accessed 14-09-2023]},
}

@misc{apache,
	author = {},
	title = {{A}pache {L}icense - {W}ikipedia, la enciclopedia libre --- es.wikipedia.org},
	howpublished = {\url{https://es.wikipedia.org/w/index.php?title=Apache_License&oldid=152769322}},
	year = {}
}

@misc{BSD,
	author = {},
	title = {{L}icencia {B}{S}{D} - {W}ikipedia, la enciclopedia libre --- es.wikipedia.org},
	howpublished = {\url{https://es.wikipedia.org/w/index.php?title=Licencia_BSD&oldid=153116021}},
	year = {}
}

@misc{GPL,
	author = {},
	title = {{G}{N}{U} {G}eneral {P}ublic {L}icense - {W}ikipedia, la enciclopedia libre --- es.wikipedia.org},
	howpublished = {\url{https://es.wikipedia.org/wiki/GNU_General_Public_License}},
	year = {}
}
@misc{licenseOpenStreetMap,
	author = "OpenStreetMap",
	title = {{O}pen{S}treet{M}ap --- openstreetmap.org},
	howpublished = {\url{https://www.openstreetmap.org/copyright}},
	year = {},

}


@misc{neo4jNeo4jAura,
	author = "Neo4j",
	title = {{N}eo4j {A}ura - {F}ully {M}anaged {C}loud {S}olution --- neo4j.com},
	howpublished = {\url{https://neo4j.com/cloud/platform/aura-graph-database/}},
	year = {}
}

@misc{herokuCloudApplication,
	author = {},
	title = {{C}loud {A}pplication {P}latform | {H}eroku --- heroku.com},
	howpublished = {\url{https://www.heroku.com/}}
}

@misc{direcsost,
	author = "CRUE",
	title = {Directrices para la introducción de la Sostenibilidad
	en el Curriculum},
	howpublished = {\url{https://www.crue.org/wp-content/uploads/2020/02/Directrices_Sosteniblidad_Crue2012.pdf}}
}